% Encoding: UTF-8

@book{boulanger2010audio,
  title="The {Audio} {Programming} {Book}",
  author={Boulanger, Richard and Lazzarini, Victor},
  year={2010},
  publisher={the MIT Press}
}
@online{krtan,
title="Terapia mowy",
urldate={2019-05-02},
url={http://terapiamowy.com/index.php/niedowlad-krtani/}
}

@online{speech,
title="Three parts of speech",
urldate={2019-10-02},
url={https://uiowa.edu/voice-academy/three-parts-speech}
}
@book{mowa,
 title="The Production of Speech Sounds",
 author={Fernando Trujillo},
 publisher={English Phonetics and Phonology}
}
@book{produkcja_mowy,
title="Mechanics of human voice production and control",
author={Zhaoyan Zhang, Mechanics of human voice production and control}
}

@online{F0_value,
title="Fundamental Frequency and the Glottal Pulse",
urldate={2019-04-20},
url= {https://msu.edu/course/asc/232/study\_guides/F0\_and\_Glottal\_Pulse\_Period.html}
}

@book{pros,
title="The prosody of speech: Melody and rythm",
author={Sieb Nooteboom},
year={1997},
publisher={Utrecht University}
}

@book{TS,
title="An A-Z of ELT",
author={Thornbury, Scott},
year={2006},
publisher={Oxford: Macmillan Publishers}
}
@book{GRI-BA,
title="An introduction to intonation-functions and models",
author={Martine Grice and Stefan Baumann},
year={2007},
publisher={Ifl Phonetik and Universität Köln}
}

@article{INT-SYS,
title="A survey of intonation systems",
author={Daniel Hirst Albert François di Cristo},
year={1998}
}
@book{SPA,
title="Prosody: Stress, Rhythm, and Intonation",
author={Prieto, P., and Roseano, P.},
year={2018}   
}
@online{phonem,
title="Definition of phoneme",
urldate={2019-03-10},
url={https://www.britannica.com/topic/phoneme}
}
@book{liczba_fonem,
title="Dwa dyskusyjne problemy polskiej fonologii",
author={Bogusław Dunaj},
publisher={Prace Naukowe Uniwersytetu Śląskiego w Katowicach}
}
@book{Hollien_Ship,
title="peaking fundamental frequency and chronological age in males",
author={Hollien, H., and Ship, T},
year={1972}
}  
@book{Pegoraro-Krook,
title="Speaking fundamental frequency characteristics of normal Swedish subjects obtained by glottal frequency analysis",
author={Pegoraro-Krook},
year={1988}
}
@book{Gilbert,
title="The effects of smoking on the speaking fundamental frequency of adult women",
author={Gilbert, H.R., and Weismer, G.G},
year={1974}
} 
@article{YIN,
title="YIN, a fundamental frequency estimator for speech and music",
author={Kawahara H., de Cheveigne A.},
year={2002}
}
@article{YAAPT,
title="YET ANOTHER ALGORITHM FOR PITCH TRACKING",
author={Kavita Kasi},
year={1999},
publisher={Andhra University, India}
}
@online{formant,
title="What is Formant?",
urldate={2019-02-10},
url={https://ec-concord.ied.edu.hk/phonetics\_and\_phonology/wordpress/learning\_website/chapter\_2\_vowels\_new.htm}
}
